@article{2994,
 author = {Leslie Lamport},
 title = {Using Time Instead of Timeout for Fault-Tolerant Distributed Systems.},
 journal = {ACM Trans. Program. Lang. Syst.},
 volume = {6},
 number = {2},
 year = {1984},
 issn = {0164-0925},
 pages = {254--280},
 doi = {http://doi.acm.org/10.1145/2993.2994},
 publisher = {ACM},
 address = {New York, NY, USA},
 }

@inproceedings{806737,
 author = {Leslie Lamport and P. M. Melliar-Smith},
 title = {Byzantine clock synchronization},
 booktitle = {PODC '84: Proceedings of the third annual ACM symposium on Principles of distributed computing},
 year = {1984},
 isbn = {0-89791-143-1},
 pages = {68--74},
 location = {Vancouver, British Columbia, Canada},
 doi = {http://doi.acm.org/10.1145/800222.806737},
 publisher = {ACM},
 address = {New York, NY, USA},
 }