@Misc{azkaban,
  title =        "{Azkaban}",
  howpublished = 	 "\url{http://sna-projects.com/azkaban}"
}

@inproceedings{barbuzzi,
 author = {Barbuzzi, Antonio and Michiardi, Pietro and Biersack, Ernst and Boggia, Gennaro},
 title = {Parallel bulk insertion for large-scale analytics applications},
 booktitle = {Proceedings of the 4th International Workshop on Large Scale Distributed Systems and Middleware},
 series = {LADIS '10},
 year = {2010},
 isbn = {978-1-4503-0406-1},
 location = {Z\Ã¼rich, Switzerland},
 pages = {27--31},
 numpages = {5},
 acmid = {1859192},
 publisher = {ACM},
 address = {New York, NY, USA},
}

@inproceedings{bayou,
 author = {Terry, D. B. and Theimer, M. M. and Petersen, Karin and Demers, A. J. and Spreitzer, M. J. and Hauser, C. H.},
 title = {Managing update conflicts in Bayou, a weakly connected replicated storage system},
 booktitle = {Proceedings of the fifteenth ACM symposium on Operating systems principles},
 series = {SOSP '95},
 year = {1995},
 isbn = {0-89791-715-4},
 location = {Copper Mountain, Colorado, United States},
 pages = {172--182},
 numpages = {11},
 acmid = {224070},
 publisher = {ACM},
 address = {New York, NY, USA},
} 

@inproceedings{beehive,
 author = {Ramasubramanian, Venugopalan and Sirer, Emin G\"{u}n},
 title = {Beehive: O(1)lookup performance for power-law query distributions in peer-to-peer overlays},
 booktitle = {Proceedings of the 1st conference on Symposium on Networked Systems Design and Implementation - Volume 1},
 year = {2004},
 location = {San Francisco, California},
 pages = {8--8},
 numpages = {1},
 acmid = {1251183},
 publisher = {USENIX Association},
 address = {Berkeley, CA, USA},
}

@inproceedings{bigtable,
 author = {Chang, Fay and Dean, Jeffrey and Ghemawat, Sanjay and Hsieh, Wilson C. and Wallach, Deborah A. and Burrows, Mike and Chandra, Tushar and Fikes, Andrew and Gruber, Robert E.},
 title = {Bigtable: a distributed storage system for structured data},
 booktitle = {Proceedings of the 7th USENIX Symposium on Operating Systems Design and Implementation - Volume 7},
 series = {OSDI '06},
 year = {2006},
 location = {Seattle, WA},
 pages = {15--15},
 numpages = {1},
 acmid = {1267323},
 publisher = {USENIX Association},
 address = {Berkeley, CA, USA},
} 

@article{cassandra,
 author = {Lakshman, Avinash and Malik, Prashant},
 title = {Cassandra: a decentralized structured storage system},
 journal = {SIGOPS Oper. Syst. Rev.},
 volume = {44},
 issue = {2},
 month = {April},
 year = {2010},
 issn = {0163-5980},
 pages = {35--40},
 numpages = {6},
 acmid = {1773922},
 publisher = {ACM},
 address = {New York, NY, USA},
}

@Misc{cassandra_bulk,
  title = "{Cassandra Bulk loading}",
  howpublished =  "\url{http://www.datastax.com/dev/blog/bulk-loading}"
}

@article{chord,
 author = {Stoica, Ion and Morris, Robert and Karger, David and Kaashoek, M. Frans and Balakrishnan, Hari},
 title = {Chord: A scalable peer-to-peer lookup service for internet applications},
 journal = {SIGCOMM Comput. Commun. Rev.},
 issue_date = {October 2001},
 volume = {31},
 issue = {4},
 month = {August},
 year = {2001},
 issn = {0146-4833},
 pages = {149--160},
 numpages = {12},
 acmid = {383071},
 publisher = {ACM},
 address = {New York, NY, USA},
} 


@article{dynamo,
 author = {DeCandia, Giuseppe and Hastorun, Deniz and Jampani, Madan and Kakulapati, Gunavardhan and Lakshman, Avinash and Pilchin, Alex and Sivasubramanian, Swaminathan and Vosshall, Peter and Vogels, Werner},
 title = {Dynamo: amazon's highly available key-value store},
 journal = {SIGOPS Oper. Syst. Rev.},
 issue_date = {December 2007},
 volume = {41},
 issue = {6},
 month = {October},
 year = {2007},
 issn = {0163-5980},
 pages = {205--220},
 numpages = {16},
 acmid = {1294281},
 publisher = {ACM},
 address = {New York, NY, USA},
 keywords = {performance, reliability, scalability},
}

@Misc{flume,
  title = "{Cloudera Flume}",
  howpublished = "\url{https://github.com/cloudera/flume}"
}

@article{gray,
 author = {Gray, Jim and Sundaresan, Prakash and Englert, Susanne and Baclawski, Ken and Weinberger, Peter J.},
 title = {Quickly generating billion-record synthetic databases},
 journal = {SIGMOD Rec.},
 volume = {23},
 issue = {2},
 month = {May},
 year = {1994},
 issn = {0163-5808},
 pages = {243--252},
 numpages = {10},
 acmid = {191886},
 publisher = {ACM},
 address = {New York, NY, USA},
}

@Misc{hadoop,
  title = "{Apache Hadoop}",
  howpublished =	"\url{http://hadoop.apache.org/core/}"
}

@Misc{hbase,
  title =        "{Apache HBase}",
  howpublished = 		 "\url{http://hbase.apache.org/}"
}

@InProceedings{kafka,
  author =       "Jay Kreps and Neha Narkhede and Jun Rao",
  title =        "Kafka: A Distributed Messaging System for Log Processing",
  booktitle =    "Proceedings of 6th International Workshop on Networking Meets Databases (NetDB)",
  year =         "2011",
  month = "June",
  address =      "Athens, Greece",
}

@Misc{katta,
  title =        "{Katta}",
  howpublished = 		 "\url{http://katta.sourceforge.net/}"
}

@inproceedings{konstantinou,
 author = {Konstantinou, Ioannis and Angelou, Evangelos and Tsoumakos, Dimitrios and Koziris, Nectarios},
 title = {Distributed indexing of web scale datasets for the cloud},
 booktitle = {Proceedings of the 2010 Workshop on Massive Data Analytics on the Cloud},
 series = {MDAC '10},
 year = {2010},
 isbn = {978-1-60558-991-6},
 location = {Raleigh, North Carolina},
 pages = {1:1--1:6},
 articleno = {1},
 numpages = {6},
 acmid = {1779600},
 publisher = {ACM},
 address = {New York, NY, USA},
 keywords = {HBase, Hadoop, MapReduce, NoSQL, cloud computing},
} 

@article{lamport,
 author = {Lamport, Leslie},
 title = {Time, clocks, and the ordering of events in a distributed system},
 journal = {Commun. ACM},
 volume = {21},
 issue = {7},
 month = {July},
 year = {1978},
 issn = {0001-0782},
 pages = {558--565},
 numpages = {8},
 acmid = {359563},
 publisher = {ACM},
 address = {New York, NY, USA},
 keywords = {clock synchronization, computer networks, distributed systems, multiprocess systems},
} 


@Misc{elephantdb,
  title =        "{ElephantDB}",
  howpublished = 		 "\url{http://tech.backtype.com/introducing-elephantdb-a-distributed-database}"
}

@article{manolopoulos,
 author = {Manolopoulos, Y. and Poulakas, G.},
 title = {An adaptation of a rootfinding method to searching ordered disk files revisited},
 journal = {BIT},
 volume = {29},
 issue = {2},
 month = {June},
 year = {1989},
 issn = {0006-3835},
 pages = {364--368},
 numpages = {5},
 acmid = {86835},
 publisher = {BIT Computer Science and Numerical Mathematics},
 address = {Lawrence, KS, USA},
} 

@inproceedings{mika,
 author = {Mika, Peter},
 title = {Distributed indexing for semantic search},
 booktitle = {Proceedings of the 3rd International Semantic Search Workshop},
 series = {SEMSEARCH '10},
 year = {2010},
 isbn = {978-1-4503-0130-5},
 location = {Raleigh, North Carolina},
 pages = {3:1--3:4},
 articleno = {3},
 numpages = {4},
 acmid = {1863882},
 publisher = {ACM},
 address = {New York, NY, USA},
} 


@Misc{bulk,
  title =        "{Bulk Data Loading for MyISAM Tables}",
  howpublished = 		 "\url{http://dev.mysql.com/doc/refman/5.5/en/optimizing-myisam-bulk-data-loading.html}"
}

@inproceedings{pastry,
 author = {Rowstron, Antony I. T. and Druschel, Peter},
 title = {Pastry: Scalable, Decentralized Object Location, and Routing for Large-Scale Peer-to-Peer Systems},
 booktitle = {Proceedings of the IFIP/ACM International Conference on Distributed Systems Platforms Heidelberg},
 series = {Middleware '01},
 year = {2001},
 isbn = {3-540-42800-3},
 pages = {329--350},
 numpages = {22},
 acmid = {697650},
 publisher = {Springer-Verlag},
 address = {London, UK},
} 

@article{pnuts,
 author = {Cooper, Brian F. and Ramakrishnan, Raghu and Srivastava, Utkarsh and Silberstein, Adam and Bohannon, Philip and Jacobsen, Hans-Arno and Puz, Nick and Weaver, Daniel and Yerneni, Ramana},
 title = {PNUTS: Yahoo!'s hosted data serving platform},
 journal = {Proc. VLDB Endow.},
 issue_date = {August 2008},
 volume = {1},
 issue = {2},
 month = {August},
 year = {2008},
 issn = {2150-8097},
 pages = {1277--1288},
 numpages = {12},
 acmid = {1454167},
 publisher = {VLDB Endowment},
} 

@inproceedings{pnutsbatch,
 author = {Silberstein, Adam E. and Sears, Russell and Zhou, Wenchao and Cooper, Brian Frank},
 title = {A batch of PNUTS: experiences connecting cloud batch and serving systems},
 booktitle = {Proceedings of the 2011 International conference on Management of data},
 series = {SIGMOD '11},
 year = {2011},
 isbn = {978-1-4503-0661-4},
 location = {Athens, Greece},
 pages = {1101--1112},
 numpages = {12},
 acmid = {1989441},
 publisher = {ACM},
 address = {New York, NY, USA},
 keywords = {PNUTS, batch, bulk load, hadoop, hybrid, serving},
} 

@Misc{scribe,
  title =        "{Facebook Scribe}",
  howpublished = 		 "\url{https://github.com/facebook/scribe}"
}

@ARTICLE{sharednothing,
    author = {Michael Stonebraker},
    title = {The Case for Shared Nothing},
    journal = {Database Engineering},
    year = {1986},
    volume = {9},
    pages = {4--9}
}

@inproceedings{silberstein,
 author = {Silberstein, Adam and Cooper, Brian F. and Srivastava, Utkarsh and Vee, Erik and Yerneni, Ramana and Ramakrishnan, Raghu},
 title = {Efficient bulk insertion into a distributed ordered table},
 booktitle = {Proceedings of the 2008 ACM SIGMOD International conference on Management of data},
 series = {SIGMOD '08},
 year = {2008},
 isbn = {978-1-60558-102-6},
 location = {Vancouver, Canada},
 pages = {765--778},
 numpages = {14},
 acmid = {1376693},
 publisher = {ACM},
 address = {New York, NY, USA},
 keywords = {bulk loading, distributed and parallel databases, ordered tables},
} 
